@article{Amari1993,
   author = {Amari, Shun-ichi},
   title = {Backpropagation and Stochastic Gradient Descent Method},
   journal = {Neurocomputing},
   volume = {5},
   number = {4-5},
   pages = {185-196},
   ISSN = {0925-2312},
   year = {1993},
   type = {Journal Article}
}

@article{BittoFS2019,
   author = {Bitto, Angela and Frühwirth-Schnatter, Sylvia},
   title = {Achieving Shrinkage in a Time-varying Parameter Model Framework},
   journal = {Journal of Econometrics},
   volume = {210},
   number = {1},
   pages = {75-97},
   ISSN = {0304-4076},
   year = {2019},
   type = {Journal Article}
}

@article{TGP2020,
   author = {Cadonna, Annalisa and Frühwirth-Schnatter, Sylvia and Knaus, Peter},
   title = {Triple the Gamma—a Unifying Shrinkage Prior for Variance and Variable Selection in Sparse State Space and TVP Models},
   journal = {Econometrics},
   volume = {8},
   number = {2},
   pages = {20},
   ISSN = {2225-1146},
   year = {2020},
   type = {Journal Article}
}

@misc{Duignan2024,
   author = {Duignan, Brian},
   title = {Occam’s Razor},
   url = {https://www.britannica.com/topic/Occams-razor},
   year = {2024},
   type = {Encyclopedia}
}

@article{FanLi2001,
   author = {Fan, Jianqing and Li, Runze},
   title = {Variable Selection via Nonconcave Penalized Likelihood and Its Oracle Properties},
   journal = {Journal of the American statistical Association},
   volume = {96},
   number = {456},
   pages = {1348-1360},
   ISSN = {0162-1459},
   year = {2001},
   type = {Journal Article}
}

@article{FanLi2006,
   author = {Fan, Jianqing and Li, Runze},
   title = {Statistical Challenges with High Dimensionality: Feature Selection in Knowledge Discovery},
   journal = {arXiv preprint math/0602133},
   year = {2006},
   type = {Journal Article}
}

@article{FrankFriedman1993,
   author = {Frank, LLdiko E and Friedman, Jerome H},
   title = {A Statistical View of Some Chemometrics Regression Tools},
   journal = {Technometrics},
   volume = {35},
   number = {2},
   pages = {109-135},
   ISSN = {0040-1706},
   year = {1993},
   type = {Journal Article}
}

@article{Fu1998,
   author = {Fu, Wenjiang J},
   title = {Penalized Regressions: the Bridge Versus the Lasso},
   journal = {Journal of computational and graphical statistics},
   volume = {7},
   number = {3},
   pages = {397-416},
   ISSN = {1061-8600},
   year = {1998},
   type = {Journal Article}
}

@book{GrippoSciandrone2023,
   author = {Grippo, Luigi and Sciandrone, Marco},
   title = {Introduction to Methods for Nonlinear Optimization},
   publisher = {Springer Nature},
   volume = {152},
   ISBN = {3031267907},
   year = {2023},
   type = {Book}
}

@book{ESL2009,
   author = {Hastie, Trevor and Tibshirani, Robert and Friedman, Jerome H and Friedman, Jerome H},
   title = {The Elements of Statistical Learning: Data Mining, Inference, and Prediction},
   publisher = {Springer},
   volume = {2},
   year = {2009},
   type = {Book}
}

@article{HoerlKennard1970b,
   author = {Hoerl, Arthur E and Kennard, Robert W},
   title = {Ridge Regression: Applications to Nonorthogonal Problems},
   journal = {Technometrics},
   volume = {12},
   number = {1},
   pages = {69-82},
   ISSN = {0040-1706},
   year = {1970},
   type = {Journal Article}
}

@article{HoerlKennard1970a,
   author = {Hoerl, Arthur E and Kennard, Robert W},
   title = {Ridge Regression: Biased Estimation for Nonorthogonal Problems},
   journal = {Technometrics},
   volume = {12},
   number = {1},
   pages = {55-67},
   ISSN = {0040-1706},
   year = {1970},
   type = {Journal Article}
}

@article{Hoerl2020,
   author = {Hoerl, Roger W},
   title = {Ridge Regression: a Historical Context},
   journal = {Technometrics},
   volume = {62},
   number = {4},
   pages = {420-425},
   ISSN = {0040-1706},
   year = {2020},
   type = {Journal Article}
}

@article{JohnVettamWu2022,
   author = {John, Majnu and Vettam, Sujit and Wu, Yihren},
   title = {A Novel Nonconvex, Smooth-at-origin Penalty for Statistical Learning},
   journal = {arXiv preprint arXiv:2204.03123},
   year = {2022},
   type = {Journal Article}
}

@article{Taxonomy2017,
   author = {Kukačka, Jan and Golkov, Vladimir and Cremers, Daniel},
   title = {Regularization for Deep Learning: A Taxonomy},
   journal = {arXiv preprint arXiv:1710.10686},
   year = {2017},
   type = {Journal Article}
}

@article{Lazar2010,
   author = {Lazar, Nicole},
   title = {Ockham's Razor},
   journal = {Wiley Interdisciplinary Reviews: Computational Statistics},
   volume = {2},
   number = {2},
   pages = {243-246},
   ISSN = {1939-5108},
   year = {2010},
   type = {Journal Article}
}

@book{Mitchell1997,
   author = {Mitchell, Tom M and Mitchell, Tom M},
   title = {Machine Learning},
   publisher = {McGraw-hill New York},
   volume = {1},
   year = {1997},
   type = {Book}
}

@article{PiironenVehtari2017,
  title={Sparsity information and regularization in the horseshoe and other shrinkage priors},
  author={Piironen, Juho and Vehtari, Aki},
  year={2017}
}

@article{Carvalho2010,
  title={The horseshoe estimator for sparse signals},
  author={Carvalho, Carlos M and Polson, Nicholas G and Scott, James G},
  journal={Biometrika},
  volume={97},
  number={2},
  pages={465--480},
  year={2010},
  publisher={Oxford University Press}
}

@inproceedings{ParisRobilliardFonlupt2003,
   author = {Paris, Gregory and Robilliard, Denis and Fonlupt, Cyril},
   title = {Exploring Overfitting in Genetic Programming},
   booktitle = {International Conference on Artificial Evolution (evolution Artificielle)},
   publisher = {Springer},
   pages = {267-277},
   type = {Conference Proceedings},
   year = {2003}
}

@article{ParkCasella2008,
   author = {Park, Trevor and Casella, George},
   title = {The Bayesian Lasso},
   journal = {Journal of the American Statistical Association},
   volume = {103},
   number = {482},
   pages = {681-686},
   ISSN = {0162-1459},
   year = {2008},
   type = {Journal Article}
}

@article{PolsonSokolov2019,
   author = {Polson, Nicholas G and Sokolov, Vadim},
   title = {Bayesian Regularization: From Tikhonov to Horseshoe},
   journal = {Wiley Interdisciplinary Reviews: Computational Statistics},
   volume = {11},
   number = {4},
   pages = {e1463},
   ISSN = {1939-5108},
   year = {2019},
   type = {Journal Article}
}

@article{SagarBhadra2022,
   author = {Sagar, Ksheera and Bhadra, Anindya},
   title = {A Laplace Mixture Representation of the Horseshoe and Some Implications},
   journal = {IEEE Signal Processing Letters},
   volume = {29},
   pages = {2547-2551},
   ISSN = {1070-9908},
   year = {2022},
   type = {Journal Article}
}

@article{Tibishirani1996,
   author = {Tibshirani, Robert},
   title = {Regression Shrinkage and Selection via the Lasso},
   journal = {Journal of the Royal Statistical Society Series B: Statistical Methodology},
   volume = {58},
   number = {1},
   pages = {267-288},
   ISSN = {1369-7412},
   year = {1996},
   type = {Journal Article}
}

@article{Tricomi1947,
   author = {Tricomi, Francesco},
   title = {Sulle Funzioni Ipergeometriche Confluenti},
   journal = {Annali di Matematica Pura ed Applicata},
   volume = {26},
   number = {1},
   pages = {141-175},
   note = {Paper for hypergeometric function of second kind.},
   abstract = {Studio delle funzioni ipergeometriche confluenti pouendo in primo piano — invece della coppiaMk,mKk,mdelle funzioni di Whittaker — la funzioneF(a, c; x) di Pochhammer-Kummer e un'analoga funzione che viene designata conG(a, c; x). È dedicata particolare attenzione alla determinazione del comportamento asintotico al divergere dix o dei parametri.},
   ISSN = {1618-1891},
   DOI = {10.1007/BF02415375},
   url = {https://doi.org/10.1007/BF02415375},
   year = {1947},
   type = {Journal Article}
}

@article{TrzaskoManduca2009,
   author = {Trzasko, Joshua and Manduca, Armando},
   title = {Relaxed Conditions for Sparse Signal Recovery with General Concave Priors},
   journal = {IEEE Transactions on Signal Processing},
   volume = {57},
   number = {11},
   pages = {4347-4354},
   ISSN = {1053-587X},
   year = {2009},
   type = {Journal Article}
}

@article{VanWieringen2015,
   author = {van Wieringen, Wessel N},
   title = {Lecture Notes on Ridge Regression},
   journal = {arXiv preprint arXiv:1509.09169},
   year = {2015},
   type = {Journal Article}
}

@article{Vapnik1991,
   author = {Vapnik, Vladimir},
   title = {Principles of Risk Minimization for Learning Theory},
   journal = {Advances in neural information processing systems},
   volume = {4},
   note = {Definition of Empirical Risk Minimization},
   year = {1991},
   type = {Journal Article}
}

@article{VettamJohn2022,
   author = {Vettam, Sujit and John, Majnu},
   title = {On Two Recent Nonconvex Penalties for Regularization in Machine Learning},
   journal = {Results in Applied Mathematics},
   volume = {14},
   pages = {100256},
   ISSN = {2590-0374},
   year = {2022},
   type = {Journal Article}
}

@article{QiCuiLiuPang2021,
  title={Asymptotic Properties of Stationary Solutions of Coupled Nonconvex Nonsmooth Empirical Risk Minimization},
  author={Qi, Zhengling and Cui, Ying and Liu, Yufeng and Pang, Jong-Shi},
  journal={Mathematics of Operations Research},
  volume={47},
  number={3},
  pages={2034--2064},
  year={2022},
  publisher={INFORMS}
}

@article{WangEtAl2020,
   author = {Wang, Fan and Mukherjee, Sach and Richardson, Sylvia and Hill, Steven M},
   title = {High-dimensional Regression in Practice: an Empirical Study of Finite-sample Prediction, Variable Selection and Ranking},
   journal = {Statistics and computing},
   volume = {30},
   pages = {697-719},
   note = {Paper with simulation study},
   ISSN = {0960-3174},
   year = {2020},
   type = {Journal Article}
}

@article{WangZhu2016,
   author = {Wang, Yanxin and Zhu, Li},
   title = {Variable Selection and Parameter Estimation with the Atan Regularization Method},
   journal = {Journal of Probability and Statistics},
   volume = {2016},
   ISSN = {1687-952X},
   year = {2016},
   type = {Journal Article}
}

@inproceedings{Ying2019,
   author = {Ying, Xue},
   year = {2019},
   title = {An Overview of Overfitting and Its Solutions},
   booktitle = {Journal of Physics: Conference Series},
   publisher = {IOP Publishing},
   volume = {1168},
   pages = {022022},
   ISBN = {1742-6588},
   type = {Conference Proceedings}
}

@article{Zhang2010,
   author = {Zhang, Cun-Hui},
   title = {Nearly Unbiased Variable Selection Under Minimax Concave Penalty},
   year = {2010},
   type = {Journal Article}
}

@article{ZouHastie2005,
   author = {Zou, Hui and Hastie, Trevor},
   title = {Regularization and Variable Selection via the Elastic Net},
   journal = {Journal of the Royal Statistical Society Series B: Statistical Methodology},
   volume = {67},
   number = {2},
   pages = {301-320},
   ISSN = {1369-7412},
   year = {2005},
   type = {Journal Article}
}

@article{ZouLi2008,
   author = {Zou, Hui and Li, Runze},
   title = {One-step Sparse Estimates in Nonconcave Penalized Likelihood Models},
   journal = {Annals of statistics},
   volume = {36},
   number = {4},
   pages = {1509},
   year = {2008},
   type = {Journal Article}
}

