@article{TGP2020,
   author = {Cadonna, Annalisa and Frühwirth-Schnatter, Sylvia and Knaus, Peter},
   title = {Triple the gamma—a unifying shrinkage prior for variance and variable selection in sparse state space and TVP models},
   journal = {Econometrics},
   volume = {8},
   number = {2},
   pages = {20},
   ISSN = {2225-1146},
   year = {2020},
   type = {Journal Article}
}

@misc{Duignan2024,
   author = {Duignan, Brian},
   title = {Occam’s razor},
   url = {https://www.britannica.com/topic/Occams-razor},
   year = {2024},
   type = {Encyclopedia}
}

@article{Lazar2010,
   author = {Lazar, Nicole},
   title = {Ockham's razor},
   journal = {Wiley Interdisciplinary Reviews: Computational Statistics},
   volume = {2},
   number = {2},
   pages = {243-246},
   ISSN = {1939-5108},
   year = {2010},
   type = {Journal Article}
}

@article{ParkCasella2008,
   author = {Park, Trevor and Casella, George},
   title = {The bayesian lasso},
   journal = {Journal of the American Statistical Association},
   volume = {103},
   number = {482},
   pages = {681-686},
   ISSN = {0162-1459},
   year = {2008},
   type = {Journal Article}
}

@article{Tricomi1947,
   author = {Tricomi, Francesco},
   title = {Sulle funzioni ipergeometriche confluenti},
   journal = {Annali di Matematica Pura ed Applicata},
   volume = {26},
   number = {1},
   pages = {141-175},
   note = {Paper for hypergeometric function of second kind.},
   abstract = {Studio delle funzioni ipergeometriche confluenti pouendo in primo piano — invece della coppiaMk,mKk,mdelle funzioni di Whittaker — la funzioneF(a, c; x) di Pochhammer-Kummer e un'analoga funzione che viene designata conG(a, c; x). È dedicata particolare attenzione alla determinazione del comportamento asintotico al divergere dix o dei parametri.},
   ISSN = {1618-1891},
   DOI = {10.1007/BF02415375},
   url = {https://doi.org/10.1007/BF02415375},
   year = {1947},
   type = {Journal Article}
}

